<record><leader>00000cas a22000007a 4500</leader><controlfield tag="001">35965592</controlfield><controlfield tag="008">961120d19071919okuwr n       0    0eng d</controlfield><datafield ind1=" " ind2=" " tag="010"><subfield code="a">sn 96093209 </subfield></datafield><datafield ind1=" " ind2=" " tag="040"><subfield code="a">OBN</subfield><subfield code="b">eng</subfield><subfield code="c">OBN</subfield><subfield code="d">OCLCQ</subfield><subfield code="d">OCLCF</subfield><subfield code="d">OCLCO</subfield></datafield><datafield ind1="1" ind2=" " tag="029"><subfield code="a">AU@</subfield><subfield code="b">000012971885</subfield></datafield><datafield ind1=" " ind2=" " tag="042"><subfield code="a">msc</subfield></datafield><datafield ind1=" " ind2=" " tag="043"><subfield code="a">n-us-ok</subfield></datafield><datafield ind1="0" ind2=" " tag="130"><subfield code="a">Tribune-progress (Mountain View, Okla. : 1907)</subfield></datafield><datafield ind1="1" ind2="4" tag="245"><subfield code="a">The Tribune-progress.</subfield></datafield><datafield ind1="3" ind2=" " tag="246"><subfield code="a">Mt. View tribune-progress</subfield></datafield><datafield ind1="3" ind2=" " tag="246"><subfield code="a">Mountain View tribune-progress</subfield></datafield><datafield ind1=" " ind2=" " tag="260"><subfield code="a">Mountain View, Okla. :</subfield><subfield code="b">Charles L. Coy</subfield></datafield><datafield ind1=" " ind2=" " tag="300"><subfield code="a">v.</subfield></datafield><datafield ind1=" " ind2=" " tag="310"><subfield code="a">Weekly</subfield></datafield><datafield ind1="0" ind2=" " tag="362"><subfield code="a">-v. 21, no. 27 (Nov. 7, 1919).</subfield></datafield><datafield ind1="1" ind2=" " tag="362"><subfield code="a">Began in 1907.</subfield></datafield><datafield ind1=" " ind2=" " tag="588"><subfield code="a">Description based on: Vol. 10, no. 2 (May 22, 1908).</subfield></datafield><datafield ind1=" " ind2="0" tag="651"><subfield code="a">Mountain View (Okla.)</subfield><subfield code="v">Newspapers.</subfield></datafield><datafield ind1=" " ind2="0" tag="651"><subfield code="a">Kiowa County (Okla.)</subfield><subfield code="v">Newspapers.</subfield></datafield><datafield ind1=" " ind2="7" tag="655"><subfield code="a">Newspapers.</subfield><subfield code="2">fast</subfield><subfield code="0">(OCoLC)fst01423814</subfield></datafield><datafield ind1=" " ind2="7" tag="651"><subfield code="a">Oklahoma</subfield><subfield code="z">Kiowa County.</subfield><subfield code="2">fast</subfield><subfield code="0">(OCoLC)fst01207057</subfield></datafield><datafield ind1=" " ind2="7" tag="651"><subfield code="a">Oklahoma</subfield><subfield code="z">Mountain View.</subfield><subfield code="2">fast</subfield><subfield code="0">(OCoLC)fst01302171</subfield></datafield><datafield ind1=" " ind2=" " tag="752"><subfield code="a">United States</subfield><subfield code="b">Oklahoma</subfield><subfield code="c">Kiowa</subfield><subfield code="d">Mountain View.</subfield></datafield><datafield ind1="0" ind2="0" tag="780"><subfield code="t">Mountain View tribune and Mountain View progress (Mountain View, Okla. : 1907)</subfield><subfield code="w">(DLC)sn 96093208</subfield><subfield code="w">(OCoLC)35965535</subfield></datafield><datafield ind1="0" ind2="0" tag="785"><subfield code="t">Mountain View times (Mountain View, Okla.)</subfield><subfield code="w">(DLC)sn 96093210</subfield><subfield code="w">(OCoLC)35965634</subfield></datafield></record>